@book{book,
author = {Larman, Craig},
year = {2004},
month = {01},
pages = {},
title = {Agile and Iterative Development: A Manager''s Guide}
}

@MISC{ddi,
  AUTHOR = {DDI Development},
  TITLE = {{10 Major Differences Between Android and iOS App Development}},
  PUBLISHER = {DDI Development},
  YEAR = {2018},  
  howpublished = "\url{http://ddi-dev.com/blog/programming/10-differences-between-android-and-ios-app-development/}", 
  note  = "[Consultado: 2019-09-21]",
}

@MISC{cleanGuide,
  AUTHOR = {Mario Sanoguera de Lorenzo},
  TITLE = {{Clean Architecture Guide (with tested examples): Data Flow != Dependency Rule}},
  PUBLISHER = {ProAndroidDev},
  YEAR = {2018},  
  howpublished = "\url{https://proandroiddev.com/clean-architecture-data-flow-dependency-rule-615ffdd79e29}", 
  note  = "[Consultado: 2019-09-21]",
}

@MISC{cleanWay,
  AUTHOR = {Fernando Cejas},
  TITLE = {{Architecting Android...The clean way?}},
  PUBLISHER = {fernandocejas.com},
  YEAR = {2014},  
  howpublished = "\url{https://fernandocejas.com/2014/09/03/architecting-android-the-clean-way/}", 
  note  = "[Consultado: 2019-09-21]",
}

@MISC{cleanWayReload,
  AUTHOR = {Fernando Cejas},
  TITLE = {{Architecting Android...Reloaded}},
  PUBLISHER = {fernandocejas.com},
  YEAR = {2018},  
  howpublished = "\url{https://fernandocejas.com/2018/05/07/architecting-android-reloaded/}", 
  note  = "[Consultado: 2019-09-21]",
}

@MISC{solidCode,
  AUTHOR = {Carlos Salazar},
  TITLE = {{Los principios de SOLID de la programación orientada a objetos}},
  PUBLISHER = {CODESLOT},
  YEAR = {2018},  
  howpublished = "\url{https://www.codesolt.com/tutoriales/fundamentos/solid/}", 
  note  = "[Consultado: 2019-09-21]",
}


@MISC{solidEjemplos,
  AUTHOR = {Anitaa Murthy},
  TITLE = {{Exploring S.O.L.I.D Principle in Android}},
  PUBLISHER = {ProAndroidDev},
  YEAR = {2018},  
  howpublished = "\url{https://proandroiddev.com/exploring-s-o-l-i-d-principle-in-android-a90947f57cf0}", 
  note  = "[Consultado: 2019-09-21]",
}

@MISC{cleanCodeBlog,
  AUTHOR = {Robert C. Martin},
  TITLE = {{The Clean Architecture}},
  PUBLISHER = {The Clean Code Blog},
  YEAR = {2012},  
  howpublished = "\url{https://blog.cleancoder.com/uncle-bob/2012/08/13/the-clean-architecture.html}", 
  note  = "[Consultado: 2019-09-21]",
}

@MISC{
    imgAnalySeg,
    AUTHOR = {Seitz,S, Ali},
    TITLE = {{Computer vision}},
    PUBLISHER = {University of Washington UW},
    YEAR = {2000},
    howpublished = 
    "\url{https://courses.cs.washington.edu/courses/cse576/}",
    note  = "[CSE576: Computer Vision]",
}

@MISC{
    basesComparacion,
    AUTHOR = {},
    TITLE = {{System Properties Comparison MySQL vs. Oracle vs. PostgreSQL}},
    PUBLISHER = {DB-Engines},
    YEAR = {2019},
    howpublished = 
    "\url{https://db-engines.com/en/system/MySQL\%3BOracle\%3BPostgreSQL}"
}

@MISC{
    fComparacion,
    AUTHOR = {Anna Nesmiyanova},
    TITLE = {{Ruby on Rails vs Django vs Laravel: The Ultimate Comparison of Popular Web Frameworks}},
    PUBLISHER = {},
    YEAR = {2019},
    howpublished = 
    "\url{https://steelkiwi.com/blog/ruby-django-laravel-frameworks-comparison}"
}

@misc { appweb,
   title = {Programación en Internet: clientes web},
   author = {Luján-Mora, Sergio},
   year = {2001-10-08}
}

@MISC{
    mtv,
    AUTHOR = {Adrian Holovaty and Jacob Kaplan-Moss},
    TITLE = {{El libro de Django 1.0}},
    PUBLISHER = {},
    YEAR = {},
    howpublished = 
    "\url{https://uniwebsidad.com/libros/django-1-0/capitulo-5/el-patron-de-diseno-mtv}"
}

@book{automata,
author = {John E. Hopcroft and Rajeev Motwani and Jeffrey D. Ullman},
year = {2001},
month = {},
pages = {},
title = {Introduction to Automata Theory, Languages and Computation}
}

@ARTICLE{gramaticasAnderson,
 author={Robert H. Anderson},
 title={Syntax Directed Recognition of Hand-Printed Two-Dimensional Mathematics},
 journal={Harvard University},
 volume={},
 pages={},
 year={},
}

@ARTICLE{latexUsage,
    author={arkus Knauff and Jelica Nejasmic},
    title={An Efficiency Comparison of document Preparation Systems Used in Academic Research and Development},
    journal={plosone},
    volume={},
    pages={},
    year={},
    
}
%In their study entitled, “An Efficiency Comparison of document Preparation Systems Used in Academic Research and Development,” Markus Knauff and Jelica Nejasmic asked 40 researchers across different disciplines to prepare scholarly texts with either Microsoft Word or LaTeX. They divided these researchers into four categories: 1) Word novices, 2) Word experts, 3) LaTeX novices, and 4) LaTeX experts.
